@misc{nasa2017,
  author = {Suparnamaaya Prasad and Marie L Ivanco and Thomas G. Ivanco and Ersin Ancel},
  title = {NASA Technical Reports Server},
  year = {2017},
  url = {https://ntrs.nasa.gov/api/citations/20170005878/downloads/20170005878.pdf},
  note = {Accessed: 2025-03-11},
}